<record><leader>00000cas a22000007a 4500</leader><controlfield tag="001">18820855</controlfield><controlfield tag="008">881130d191619uualucr ne      0    0eng d</controlfield><datafield ind1=" " ind2=" " tag="010"><subfield code="a">sn 88050221 </subfield></datafield><datafield ind1=" " ind2=" " tag="040"><subfield code="a">AAR</subfield><subfield code="b">eng</subfield><subfield code="c">AAR</subfield><subfield code="d">CPN</subfield><subfield code="d">OCLCQ</subfield></datafield><datafield ind1=" " ind2=" " tag="042"><subfield code="a">msc</subfield></datafield><datafield ind1="0" ind2=" " tag="130"><subfield code="a">Alabama reporter (Talladega, Ala. : 1916)</subfield></datafield><datafield ind1="1" ind2="4" tag="245"><subfield code="a">The Alabama reporter.</subfield></datafield><datafield ind1="3" ind2="0" tag="246"><subfield code="a">Twice-a-week reporter</subfield></datafield><datafield ind1=" " ind2=" " tag="260"><subfield code="a">Talladega, Ala. :</subfield><subfield code="b">E.L.C. Ward,</subfield><subfield code="c">1916-</subfield></datafield><datafield ind1=" " ind2=" " tag="300"><subfield code="a">v.</subfield></datafield><datafield ind1=" " ind2=" " tag="310"><subfield code="a">Semiweekly,</subfield><subfield code="b">&lt;Dec. 11, 1917-&gt;</subfield></datafield><datafield ind1=" " ind2=" " tag="321"><subfield code="a">Weekly,</subfield><subfield code="b">&lt;Jan. 22, 1916-Dec. 6, 1917&gt;</subfield></datafield><datafield ind1="0" ind2=" " tag="362"><subfield code="a">Vol. 73, no. 36 (Jan. 22, 1916)-</subfield></datafield><datafield ind1=" " ind2=" " tag="500"><subfield code="a">Published as: The Twice-a-week reporter, &lt;Feb. 12, 1918-&gt;.</subfield></datafield><datafield ind1=" " ind2=" " tag="752"><subfield code="a">United States</subfield><subfield code="b">Alabama</subfield><subfield code="c">Talladega</subfield><subfield code="d">Talladega.</subfield></datafield><datafield ind1="0" ind2="0" tag="780"><subfield code="t">Talladega reporter (Talladega, Ala.)</subfield><subfield code="w">(DLC)sn 88050220</subfield></datafield><datafield ind1="0" ind2="0" tag="785"><subfield code="t">Talladega reporter (Talladega, Ala. : 1921)</subfield><subfield code="w">(DLC)sn 88050222</subfield></datafield></record>